@misc{creately,
  author = {{CREATELY}},
  title = {UML Diagram Types and Templates: Examples},
  howpublished = {\url{https://creately.com/blog/diagrams/uml-diagram-types-examples/}},
  note = {Acesso em: 10 de maio de 2025}
}

@misc{geeksforgeeks,
  author = {{GEEKSFORGEEKS}},
  title = {Unified Modeling Language (UML) | Introduction},
  howpublished = {\url{https://www.geeksforgeeks.org/unified-modeling-language-uml-introduction/}},
  note = {Acesso em: 13 de maio de 2025}
}

@misc{nulab,
  author = {{NULAB}},
  title = {UML Diagrams Guide},
  howpublished = {\url{https://nulab.com/learn/software-development/uml-diagrams-guide/}},
  note = {Acesso em: 14 de maio de 2025}
}

@misc{drawio1,
  author = {{DRAWIO}},
  title = {Sequence Diagrams},
  howpublished = {\url{https://www.drawio.com/blog/sequence-diagrams}},
  note = {Acesso em: 15 de maio de 2025}
}

@misc{drawio2,
  author = {{DRAWIO}},
  title = {Create UML Sequence Diagrams in draw.io},
  howpublished = {\url{https://drawio-app.com/blog/create-uml-sequence-diagrams-in-draw-io/}},
  note = {Acesso em: 18 de maio de 2025}
}
